@MastersThesis{knap,
  author =       {Knapereková, Emília},
  title =        {Rozvrhový systém pre vysoké školy},
  school =       {Slovenská technická univerzita v Bratislave},
  year =         {2014},
  note =         {EČ: FEI-5384-56111}
}

@MastersThesis{lukac,
  author =       {Lukáč, Matej},
  title =        {Course timetabling at Masaryk University in the UniTime
                  system},
  school =       {Masaryk University},
  year =         {2013},
  url =          {https://is.muni.cz/th/255726/fi_m/Master_Thesis.pdf},
  langid =       {english}
}

@Online{unitime,
  author =       {Müller, Tomáš},
  title =        {UniTime - University Timetabling}, 
  url =          {http://www.unitime.org/},
  urldate =      {2017-03-16},
  langid =       {english}
}

@Online{prime_timetable,
  title =        {School scheduling software for Mac, PC, tablet and phone -
                  Prime Timetable},
  url =          {http://www.primetimetable.com},
  urldate =      {2017-04-04},
  langid =       {english}
}

@Online{mimosa,
  title =        {Mimosa - Scheduling Software for School and University
                  Timetables},
  url =          {http://www.mimosasoftware.com/},
  urldate =      {2017-04-04},
  langid =       {english}
}

@Online{soft112,
  title =        {Mimosa Scheduling Software Freeware},
  url =          {http://mimosa-scheduling-software.soft112.com/},
  urldate =      {2017-04-04},
  langid =       {english}
}

@Online{unitime_hl,
  title =        {UniTime}, 
  url =          {http://www.unitime.org/present/unitime-highlights.pdf},
  urldate =      {2017-03-21},
  langid =       {english}
}

@Online{w3c_ws_gloss,
  author =       {{W3C}},
  title =        {Web Services Glossary}, 
  url =          {https://www.w3.org/TR/2004/NOTE-ws-gloss-20040211},
  urldate =      {2017-04-24},
  langid =       {english}
}

@Online{w3c_ws_arch,
  author =       {{W3C}},
  title =        {Web Services Architecture}, 
  url =          {https://www.w3.org/TR/2004/NOTE-ws-arch-20040211/},
  urldate =      {2017-04-24},
  langid =       {english}
}

@PhdThesis{fielding,
  author =       {Fielding, Roy Thomas},
  title =        {Architectural Styles and the Design of Network-based Software
                  Architectures},
  school =       {University of California},
  year =         {2000},
  langid =       {english},
}

@Online{ecma_json,
  author =       {{Ecma International}},
  title =        {The JSON Data Interchange Format}, 
  url =          {https://www.ecma-international.org/publications/files/ECMA-ST/ECMA-404.pdf},
  number =       {404},
  urldate =      {2017-04-24},
  year =         {2013},
  langid =       {english}
}

@TechReport{rfc7617,
  author =       {Reschke, J.},
  title =        {The `Basic' HTTP Authentication Scheme},
  institution =  {RFC Editor},
  publisher =    {RFC Editor},
  year =         {2015},
  month =        {September},
  type =         {RFC},
  number =       {7617},
  issn =         {2070-1721},
  url =          {https://tools.ietf.org/html/rfc7617},
  urldate =      {2017-03-20},
  langid =       {english}
}

@TechReport{rfc7519,
  author =       {Jones, M. and Bradley, J. and Sakimura, N.},
  title =        {JSON Web Token (JWT)},
  institution =  {RFC Editor},
  publisher =    {RFC Editor},
  year =         {2015},
  month =        {May},
  type =         {RFC},
  number =       {7519},
  issn =         {2070-1721},
  url =          {https://tools.ietf.org/html/rfc7519},
  urldate =      {2017-03-22},
  langid =       {english}
}

@Online{jwt_io,
  title =        {JSON Web Token Introduction}, 
  url =          {https://jwt.io/introduction/},
  urldate =      {2017-03-23},
  langid =       {english}
}

@Online{python_faq,
  title =        {General Python FAQ}, 
  url =          {https://docs.python.org/3/faq/general.html},
  urldate =      {2017-03-18},
  langid =       {english}
}

@Online{pep373,
  author =       {Peterson, Benjamin},
  title =        {PEP 373 -- Python 2.7 Release Schedule}, 
  date =         {2008-11-03},
  url =          {https://www.python.org/dev/peps/pep-0373/},
  urldate =      {2017-03-18},
  langid =       {english}
}

@Online{postgresql,
  title =        {PostgreSQL: About}, 
  url =          {https://www.postgresql.org/about/},
  urldate =      {2017-03-18},
  langid =       {english}
}

@Online{django,
  title =        {Django}, 
  url =          {https://djangoproject.com/},
  urldate =      {2017-03-18},
  langid =       {english}
}

@Online{django_rest_framework,
  author =       {Christie, Tom},
  title =        {Django REST framework}, 
  url =          {http://www.django-rest-framework.org/},
  urldate =      {2017-03-18},
  langid =       {english}
}

@Book{flanagan,
  author =       {Flanagan, David},
  title =        {JavaScript: The Definitive Guide},
  publisher =    {O'Reilly \& Associates},
  year =         {2011},
  edition =      {Sixth Edition},
  isbn =         {978-0-596-80552-4},
  langid =       {english}
}

@Online{elm,
  author =       {Czaplicki, Evan},
  title =        {Elm}, 
  url =          {http://elm-lang.org/},
  urldate =      {2017-03-19},
  langid =       {english}
}

@Online{elm_guide,
  author =       {Czaplicki, Evan},
  title =        {An Introduction to Elm}, 
  url =          {https://guide.elm-lang.org/},
  urldate =      {2017-04-21},
  langid =       {english}
}

@Online{elm_thesis,
  author =       {Czaplicki, Evan},
  title =        {Elm: Concurrent FRP for Functional GUIs}, 
  date =         {2012-03-30},
  url =          {http://elm-lang.org/assets/papers/concurrent-frp.pdf},
  urldate =      {2017-03-19},
  langid =       {english}
}

@Online{tea,
  author =       {Reimann, Dennis},
  title =        {The Elm Architecture – Simple, yet powerful – An overview by example}, 
  url =          {https://dennisreimann.de/articles/elm-architecture-overview.html},
  urldate =      {2017-04-21},
  langid =       {english}
}

@Online{sass,
  author =       {Catlin, Hampton and Weizenbaum, Natalie and Eppstein, Chris and others},
  title =        {Sass: Syntactically Awesome Style Sheets}, 
  url =          {http://sass-lang.com/},
  urldate =      {2017-04-25},
  langid =       {english}
}

@Online{bootstrap,
  author =       {Otto, Mark and Thornton, Jacob and others},
  title =        {Bootsrap}, 
  url =          {https://getbootstrap.com/},
  urldate =      {2017-03-19},
  langid =       {english}
}

@Online{swagger,
  title =        {Swagger Specification}, 
  url =          {http://swagger.io/specification/},
  urldate =      {2017-05-06},
  langid =       {english}
}