@MastersThesis{knap,
  author =       {Knapereková, Emília},
  title =        {Rozvrhový systém pre vysoké školy},
  school =       {Slovenská technická univerzita v Bratislave},
  year =         {2014},
  note =         {EČ: FEI-5384-56111}
}

@MastersThesis{racak,
  author =       {Račák, Martin},
  title =        {Rozvrhový systém pre FEI},
  school =       {Slovenská technická univerzita v Bratislave},
  year =         {2017},
  note =         {EČ: FEI-5384-53920}
}

@MastersThesis{lukac,
  author =       {Lukáč, Matej},
  title =        {Course timetabling at Masaryk University in the UniTime
                  system},
  school =       {Masaryk University},
  year =         {2013},
  url =          {https://is.muni.cz/th/255726/fi_m/Master_Thesis.pdf},
  langid =       {english}
}

@BachelorsThesis{piispanen,
  author =       {Piispanen, Mark},
  title =        {Modern architecture for large web applications},
  school =       {University of Jyväskylä},
  year =         {2017},
  url =          {https://jyx.jyu.fi/dspace/bitstream/handle/123456789/54129/URN:NBN:fi:jyu-201705272524.pdf?sequence=1},
  langid =       {english}
}

@BachelorsThesis{kubala,
  author =       {Kubala, Juraj},
  title =        {Progressive web app with Angular 2 and ASP.NET},
  school =       {School of Technology, Communication and Transport},
  year =         {2017},
  month=      {12},
  url =          {https://www.theseus.fi/bitstream/handle/10024/139795/Kubala_Juraj.pdf?sequence=1},
  langid =     {english}
}

@PhdThesis{fielding,
  author =       {Fielding, Roy Thomas},
  title =        {Architectural Styles and the Design of Network-based Software
                  Architectures},
  school =       {University of California},
  year =         {2000},
  langid =       {english},
}

@PhdThesis{willemen,
  author =       {Willemen, R.J.},
  title =        {School timetable construction : algorithms and complexity},
  school =  	 {Technische Universiteit Eindhoven},
  year =         {2002},
  month =        {1},
  langid =       {english},
  ISBN      =  {90-386-1011-4},
}

@Book{maccaw,
  author =       {MacCaw, Alex},
  title =        {JavaScript Web Applications},
  publisher =    {O'Reilly Media},
  year =         {2011},
  edition =      {First Edition},
  isbn =         {978-1-449-30351-8},
  langid =       {english}
}

@Book{flanagan,
  author =       {Flanagan, David},
  title =        {JavaScript: The Definitive Guide},
  publisher =    {O'Reilly \& Associates},
  year =         {2011},
  edition =      {Sixth Edition},
  isbn =         {978-0-596-80552-4},
  langid =       {english}
}

@Online{redux,
  title =        {ReduxJS}, 
  url =          {https://redux.js.org/},
  urldate =      {2018-04-02},
  langid =       {english}
}

@Online{angular,
  title =        {Angular}, 
  url =          {https://angular.io/guide/architecture},
  langid =       {english}
}

@Online{rxjs,
  title =        {RxJS}, 
  url =          {http://xgrommx.github.io/rx-book/index.html},
  langid =       {english}
}

@Online{ngredux,
  title =        {Building a Redux application with Angular 2}, 
  url =          {https://www.pluralsight.com/guides/front-end-javascript/building-a-redux-application-with-angular-2-part-1},
  langid =       {english}
}

@Online{unitime,
  author =       {Müller, Tomáš},
  title =        {UniTime - University Timetabling}, 
  url =          {http://www.unitime.org/},
  urldate =      {2017-03-16},
  langid =       {english}
}

@Online{mimosa,
  title =        {Mimosa - Scheduling Software for School and University
                  Timetables},
  url =          {http://www.mimosasoftware.com/},
  urldate =      {2017-04-04},
  langid =       {english}
}

@Online{celcat,
  title =        {CELCAT Timetabler},
  url =          {http://www3.imperial.ac.uk/pls/portallive/docs/1/10225698.PDF},
  langid =       {english}
}

@Online{asc,
  title =        {Asc TimeTables},
  url =          {help.asctimetables.com/pdf/asc_timetables_en_P1.pdf/},
  langid =       {english}
}


@Online{payatu,
  title =        {AUTHENTICATION SCHEMES IN REST API},
  url =          {https://payatu.com/authentication-schemes-rest-api/},
  langid =       {english}
}

@Online{soft112,
  title =        {Mimosa Scheduling Software Freeware},
  url =          {http://mimosa-scheduling-software.soft112.com/},
  urldate =      {2017-04-04},
  langid =       {english}
}

@Online{unitime_hl,
  title =        {UniTime}, 
  url =          {http://www.unitime.org/present/unitime-highlights.pdf},
  urldate =      {2017-03-21},
  langid =       {english}
}

@Online{w3c_ws_gloss,
  author =       {{W3C}},
  title =        {Web Services Glossary}, 
  url =          {https://www.w3.org/TR/2004/NOTE-ws-gloss-20040211},
  urldate =      {2017-04-24},
  langid =       {english}
}

@Online{w3c_ws_arch,
  author =       {{W3C}},
  title =        {Web Services Architecture}, 
  url =          {https://www.w3.org/TR/2004/NOTE-ws-arch-20040211/},
  urldate =      {2017-04-24},
  langid =       {english}
}

@Online{ecma_json,
  author =       {{Ecma International}},
  title =        {The JSON Data Interchange Format}, 
  url =          {https://www.ecma-international.org/publications/files/ECMA-ST/ECMA-404.pdf},
  number =       {404},
  urldate =      {2017-04-24},
  year =         {2013},
  langid =       {english}
}

@TechReport{rfc7617,
  author =       {Reschke, J.},
  title =        {The `Basic' HTTP Authentication Scheme},
  institution =  {RFC Editor},
  publisher =    {RFC Editor},
  year =         {2015},
  month =        {9},
  type =         {RFC},
  number =       {7617},
  issn =         {2070-1721},
  url =          {https://www.rfc-editor.org/rfc/pdfrfc/rfc7617.txt.pdf},
  urldate =      {2017-03-20},
  langid =       {english}
}

@TechReport{rfc7519,
  author =       {Jones, M. and Bradley, J. and Sakimura, N.},
  title =        {JSON Web Token (JWT)},
  institution =  {RFC Editor},
  publisher =    {RFC Editor},
  year =         {2015},
  month =        {5},
  type =         {RFC},
  number =       {7519},
  issn =         {2070-1721},
  url =          {https://tools.ietf.org/html/rfc7519},
  urldate =      {2017-03-22},
  langid =       {english}
}

@Online{jwt_io,
  title =        {JSON Web Token Introduction}, 
  url =          {https://jwt.io/introduction/},
  urldate =      {2017-03-23},
  langid =       {english}
}

@Online{python_faq,
  title =        {General Python FAQ}, 
  url =          {https://docs.python.org/3/faq/general.html},
  urldate =      {2017-03-18},
  langid =       {english}
}

@Online{postgresql,
  title =        {PostgreSQL: About}, 
  url =          {https://www.postgresql.org/about/},
  urldate =      {2017-03-18},
  langid =       {english}
}

@Online{django,
  title =        {Django}, 
  url =          {https://djangoproject.com/},
  urldate =      {2017-03-18},
  langid =       {english}
}

@Online{django_rest_framework,
  author =       {Christie, Tom},
  title =        {Django REST framework}, 
  url =          {http://www.django-rest-framework.org/},
  urldate =      {2017-03-18},
  langid =       {english}
}

@Online{sass,
  author =       {Catlin, Hampton and Weizenbaum, Natalie and Eppstein, Chris and others},
  title =        {Sass: Syntactically Awesome Style Sheets}, 
  url =          {http://sass-lang.com/},
  urldate =      {2017-04-25},
  langid =       {english}
}
